<record><leader>00000cas a22000007a 4500</leader><controlfield tag="001">10227212</controlfield><controlfield tag="008">831216d18431944pauwr ne      0   a0eng d</controlfield><datafield ind1=" " ind2=" " tag="010"><subfield code="a">sn 83032276 </subfield></datafield><datafield ind1=" " ind2=" " tag="040"><subfield code="a">NPU</subfield><subfield code="b">eng</subfield><subfield code="c">NPU</subfield><subfield code="d">NPH</subfield><subfield code="d">NPX</subfield><subfield code="d">NPH</subfield><subfield code="d">OCLCQ</subfield><subfield code="d">LIBRO</subfield><subfield code="d">OCLCO</subfield><subfield code="d">OCLCF</subfield><subfield code="d">DLC</subfield><subfield code="d">OCL</subfield></datafield><datafield ind1="0" ind2=" " tag="022"><subfield code="a">2376-3485</subfield><subfield code="2">1</subfield></datafield><datafield ind1=" " ind2=" " tag="042"><subfield code="a">msc</subfield><subfield code="a">nsdp</subfield></datafield><datafield ind1=" " ind2=" " tag="043"><subfield code="a">n-us-pa</subfield></datafield><datafield ind1="0" ind2="0" tag="050"><subfield code="a">Newspaper</subfield></datafield><datafield ind1="0" ind2="0" tag="082"><subfield code="a">071</subfield><subfield code="2">23</subfield></datafield><datafield ind1=" " ind2="0" tag="222"><subfield code="a">Lewistown gazette</subfield><subfield code="b">(Print)</subfield></datafield><datafield ind1="0" ind2="0" tag="245"><subfield code="a">Lewistown gazette.</subfield></datafield><datafield ind1=" " ind2=" " tag="260"><subfield code="a">Lewistown, Pa. :</subfield><subfield code="b">William Ross,</subfield><subfield code="c">1843-1944.</subfield></datafield><datafield ind1=" " ind2=" " tag="300"><subfield code="a">101 v. :</subfield><subfield code="b">ill. ;</subfield><subfield code="c">52-61 cm.</subfield></datafield><datafield ind1=" " ind2=" " tag="310"><subfield code="a">Weekly</subfield></datafield><datafield ind1="0" ind2=" " tag="362"><subfield code="a">New ser., v. 2, no. 18 (Nov. 18, 1843)- ; new ser., v. 1, no. 1 (Oct. 24, 1846)-new ser., v. 11, no. 52 (Nov. 5, 1857) ; new ser., v. 3, no. 1 (Nov. 12, 1857)- ; new ser., v. 13, no. 1 (Nov. 11, 1858)- ; -v. 133, whole no. 6811 (Dec. 28, 1944).</subfield></datafield><datafield ind1=" " ind2=" " tag="500"><subfield code="a">Publishers: George Frysinger, 1846-1862; George Frysinger &amp; Son, 1863-&lt;1864&gt;; David Over, &lt;1865-1866&gt;; George R. Frysinger, &lt;1871&gt;-1872; George Frysinger, &lt;1872&gt;; George R. Frysinger, &lt;1876&gt;; Stackpole Brothers, 1883-&lt;1912&gt;.</subfield></datafield><datafield ind1=" " ind2=" " tag="500"><subfield code="a">Proprietor: George Frysinger, &lt;1876&gt;.</subfield></datafield><datafield ind1=" " ind2=" " tag="500"><subfield code="a">"Whig," &lt;1846-1854&gt;; "American, " &lt;1855&gt;-1856; "Union, " 1856-&lt;1864&gt;; "Republican, " &lt;1876&gt;.</subfield></datafield><datafield ind1=" " ind2=" " tag="500"><subfield code="a">Editors: George Frysinger, 1846-&lt;1876&gt;; George R. Frysinger, &lt;1871&gt;-1872, &lt;1876&gt;.</subfield></datafield><datafield ind1=" " ind2=" " tag="530"><subfield code="a">Archived issues are available in digital format from the Library of Congress Chronicling America online collection.</subfield></datafield><datafield ind1=" " ind2=" " tag="580"><subfield code="a">Absorbed: Democrat and sentinel (Lewistown, Pa.).</subfield></datafield><datafield ind1=" " ind2="0" tag="651"><subfield code="a">Lewistown (Mifflin County, Pa.)</subfield><subfield code="v">Newspapers.</subfield></datafield><datafield ind1=" " ind2="0" tag="651"><subfield code="a">Mifflin County (Pa.)</subfield><subfield code="v">Newspapers.</subfield></datafield><datafield ind1=" " ind2="0" tag="651"><subfield code="a">United States</subfield><subfield code="x">History</subfield><subfield code="y">Civil War, 1861-1865</subfield><subfield code="v">Sources.</subfield></datafield><datafield ind1="2" ind2="7" tag="611"><subfield code="a">American Civil War (1861-1865)</subfield><subfield code="2">fast</subfield><subfield code="0">(OCoLC)fst01351658</subfield></datafield><datafield ind1=" " ind2="7" tag="651"><subfield code="a">Pennsylvania</subfield><subfield code="z">Lewistown (Mifflin County)</subfield><subfield code="2">fast</subfield><subfield code="0">(OCoLC)fst01775214</subfield></datafield><datafield ind1=" " ind2="7" tag="651"><subfield code="a">Pennsylvania</subfield><subfield code="z">Mifflin County.</subfield><subfield code="2">fast</subfield><subfield code="0">(OCoLC)fst01209229</subfield></datafield><datafield ind1=" " ind2="7" tag="651"><subfield code="a">United States.</subfield><subfield code="2">fast</subfield><subfield code="0">(OCoLC)fst01204155</subfield></datafield><datafield ind1=" " ind2="7" tag="648"><subfield code="a">1861-1865</subfield><subfield code="2">fast</subfield></datafield><datafield ind1=" " ind2="7" tag="655"><subfield code="a">History.</subfield><subfield code="2">fast</subfield><subfield code="0">(OCoLC)fst01411628</subfield></datafield><datafield ind1=" " ind2="7" tag="655"><subfield code="a">Newspapers.</subfield><subfield code="2">fast</subfield><subfield code="0">(OCoLC)fst01423814</subfield></datafield><datafield ind1=" " ind2="7" tag="655"><subfield code="a">Sources.</subfield><subfield code="2">fast</subfield><subfield code="0">(OCoLC)fst01423900</subfield></datafield><datafield ind1=" " ind2=" " tag="752"><subfield code="a">United States</subfield><subfield code="b">Pennsylvania</subfield><subfield code="c">Mifflin</subfield><subfield code="d">Lewistown.</subfield></datafield><datafield ind1="0" ind2="8" tag="776"><subfield code="i">Online version:</subfield><subfield code="t">Lewistown gazette</subfield><subfield code="x">2376-3493</subfield><subfield code="w">(DLC)  2014218821</subfield><subfield code="w">(OCoLC)897358197</subfield></datafield><datafield ind1="0" ind2="0" tag="780"><subfield code="t">Mifflin County gazette</subfield><subfield code="w">(DLC)sn 86081293</subfield><subfield code="w">(OCoLC)13430472</subfield></datafield><datafield ind1="1" ind2="5" tag="780"><subfield code="t">Democrat and sentinel (Lewistown, Pa.)</subfield><subfield code="g">1920</subfield><subfield code="w">(DLC)sn 86081312</subfield><subfield code="w">(OCoLC)13452238</subfield></datafield><datafield ind1="4" ind2="1" tag="856"><subfield code="u">http://www.loc.gov/chroniclingamerica/lccn/sn83032276/issues</subfield></datafield><datafield ind1="1" ind2=" " tag="029"><subfield code="a">AU@</subfield><subfield code="b">000024857177</subfield></datafield></record>